@inproceedings{bahuleyan2018variational,
  title     = {Variational Attention for Sequence-to-Sequence Models},
  author    = {Bahuleyan, Hareesh and Mou, Lili and Vechtomova, Olga and Poupart, Pascal},
  booktitle = {Proceedings of the 27th International Conference on Computational Linguistics},
  pages     = {1672--1682},
  year      = {2018}
}

@inproceedings{chen2018isolating,
  title     = {Isolating sources of disentanglement in variational autoencoders},
  author    = {Chen, Tian Qi and Li, Xuechen and Grosse, Roger B and Duvenaud, David K},
  booktitle = {Advances in Neural Information Processing Systems},
  pages     = {2610--2620},
  year      = {2018}
}

@inproceedings{Deng2018Latent,
  author    = {Deng, Yuntian and Kim, Yoon and Chiu, Justin and Guo, Demi and Rush, Alexander},
  booktitle = {Advances in Neural Information Processing Systems},
  editor    = {S. Bengio and H. Wallach and H. Larochelle and K. Grauman and N. Cesa-Bianchi and R. Garnett},
  pages     = {},
  publisher = {Curran Associates, Inc.},
  title     = {Latent Alignment and Variational Attention},
  url       = {https://proceedings.neurips.cc/paper/2018/file/b691334ccf10d4ab144d672f7783c8a3-Paper.pdf},
  volume    = {31},
  year      = {2018}
}

@inproceedings{edwardstowards,
  title     = {TOWARDS A NEURAL STATISTICIAN},
  author    = {Edwards, Harrison and Storkey, Amos},
  booktitle = {International Conference on Learning Representations},
  year      = {2017}
}

@article{eslami2018neural,
  title     = {Neural scene representation and rendering},
  author    = {Eslami, SM Ali and Rezende, Danilo Jimenez and Besse, Frederic and Viola, Fabio and Morcos, Ari S and Garnelo, Marta and Ruderman, Avraham and Rusu, Andrei A and Danihelka, Ivo and Gregor, Karol and others},
  journal   = {Science},
  volume    = {360},
  number    = {6394},
  pages     = {1204--1210},
  year      = {2018},
  publisher = {American Association for the Advancement of Science}
}

@inproceedings{Fan2020bayesian,
  author    = {Fan, Xinjie and Zhang, Shujian and Chen, Bo and Zhou, Mingyuan},
  booktitle = {Advances in Neural Information Processing Systems},
  editor    = {H. Larochelle and M. Ranzato and R. Hadsell and M. F. Balcan and H. Lin},
  pages     = {16362--16376},
  publisher = {Curran Associates, Inc.},
  title     = {Bayesian Attention Modules},
  volume    = {33},
  url       = {https://proceedings.neurips.cc/paper/2020/file/bcff3f632fd16ff099a49c2f0932b47a-Paper.pdf},
  year      = {2020}
}

@inproceedings{Foong2020Meta,
  author    = {Foong, Andrew and Bruinsma, Wessel and Gordon, Jonathan and Dubois, Yann and Requeima, James and Turner, Richard},
  booktitle = {Advances in Neural Information Processing Systems},
  editor    = {H. Larochelle and M. Ranzato and R. Hadsell and M. F. Balcan and H. Lin},
  pages     = {8284--8295},
  publisher = {Curran Associates, Inc.},
  title     = {Meta-Learning Stationary Stochastic Process Prediction with Convolutional Neural Processes},
  url       = {https://proceedings.neurips.cc/paper/2020/file/5df0385cba256a135be596dbe28fa7aa-Paper.pdf},
  volume    = {33},
  year      = {2020}
}

@article{galashov2019meta,
  title   = {Meta-learning surrogate models for sequential decision making},
  author  = {Galashov, Alexandre and Schwarz, Jonathan and Kim, Hyunjik and Garnelo, Marta and Saxton, David and Kohli, Pushmeet and Eslami, SM and Teh, Yee Whye},
  journal = {arXiv preprint arXiv:1903.11907},
  year    = {2019}
}



@inproceedings{garnelo2018conditional,
  title        = {Conditional neural processes},
  author       = {Garnelo, Marta and Rosenbaum, Dan and Maddison, Christopher and Ramalho, Tiago and Saxton, David and Shanahan, Murray and Teh, Yee Whye and Rezende, Danilo and Eslami, SM Ali},
  booktitle    = {International Conference on Machine Learning},
  pages        = {1704--1713},
  year         = {2018},
  organization = {PMLR}
}

@article{garnelo2018neural,
  title   = {Neural processes},
  author  = {Garnelo, Marta and Schwarz, Jonathan and Rosenbaum, Dan and Viola, Fabio and Rezende, Danilo J and Eslami, SM and Teh, Yee Whye},
  journal = {arXiv preprint arXiv:1807.01622},
  year    = {2018}
}

@inproceedings{gordon2019convolutional,
  title     = {Convolutional Conditional Neural Processes},
  author    = {Gordon, Jonathan and Bruinsma, Wessel P and Foong, Andrew YK and Requeima, James and Dubois, Yann and Turner, Richard E},
  booktitle = {International Conference on Learning Representations},
  year      = {2019}
}

@article{higgins2017beta,
  title   = {beta-VAE: Learning Basic Visual Concepts with a Constrained Variational Framework.},
  author  = {Higgins, Irina and Matthey, Loic and Pal, Arka and Burgess, Christopher and Glorot, Xavier and Botvinick, Matthew and Mohamed, Shakir and Lerchner, Alexander},
  journal = {Iclr},
  volume  = {2},
  number  = {5},
  pages   = {6},
  year    = {2017}
}

@inproceedings{kawano2021group,
  title     = {Group Equivariant Conditional Neural Processes},
  author    = {Kawano, Makoto and Kumagai, Wataru and Sannai, Akiyoshi and Iwasawa, Yusuke and Matsuo, Yutaka},
  booktitle = {International Conference on Learning Representations},
  year      = {2021}
}


@inproceedings{kim2019attentive,
  title     = {Attentive Neural Processes},
  author    = {Kim, Hyunjik and Mnih, Andriy and Schwarz, Jonathan and Garnelo, Marta and Eslami, Ali and Rosenbaum, Dan and Vinyals, Oriol and Teh, Yee Whye},
  booktitle = {International Conference on Learning Representations},
  year      = {2019}
}

@inproceedings{kingma2015variational,
  title     = {Variational dropout and the local reparameterization trick},
  author    = {Kingma, Durk P and Salimans, Tim and Welling, Max},
  booktitle = {Advances in neural information processing systems},
  pages     = {2575--2583},
  year      = {2015}
}

@article{korshunova2020conditional,
  title     = {Conditional BRUNO: A neural process for exchangeable labelled data},
  author    = {Korshunova, Iryna and Gal, Yarin and Gretton, Arthur and Dambre, Joni},
  journal   = {Neurocomputing},
  volume    = {416},
  pages     = {305--309},
  year      = {2020},
  publisher = {Elsevier}
}

@inproceedings{lawson2018learning,
  title        = {Learning hard alignments with variational inference},
  author       = {Lawson, Dieterich and Chiu, Chung-Cheng and Tucker, George and Raffel, Colin and Swersky, Kevin and Jaitly, Navdeep},
  booktitle    = {2018 IEEE International Conference on Acoustics, Speech and Signal Processing (ICASSP)},
  pages        = {5799--5803},
  year         = {2018},
  organization = {IEEE}
}

@inproceedings{lee2020bootstrapping,
  title     = {Bootstrapping neural processes},
  author    = {Lee, Juho and Lee, Yoonho and Kim, Jungtaek and Yang, Eunho and Hwang, Sung Ju and Teh, Yee Whye},
  booktitle = {Advances in neural information processing systems},
  year      = {2020}
}

@inproceedings{lee2020neural,
  title     = {Neural complexity measures},
  author    = {Lee, Yoonho and Lee, Juho and Hwang, Sung Ju and Yang, Eunho and Choi, Seungjin},
  booktitle = {Advances in Neural Information Processing Systems},
  year      = {2020}
}

@inproceedings{louizos2019functional,
  title     = {The functional neural process},
  author    = {Louizos, Christos and Shi, Xiahan and Schutte, Klamer and Welling, Max},
  booktitle = {Advances in Neural Information Processing Systems},
  pages     = {8743--8754},
  year      = {2019}
}

@inproceedings{NEURIPS2020_84ddfb34,
  author    = {Ryu, Jeong Un and Shin, JaeWoong and Lee, Hae Beom and Hwang, Sung Ju},
  booktitle = {Advances in Neural Information Processing Systems},
  title     = {MetaPerturb: Transferable Regularizer for Heterogeneous Tasks and Architectures},
  year      = {2020}
}

@inproceedings{Rajendran2020meta,
  author    = {Rajendran, Janarthanan and Irpan, Alexander and Jang, Eric},
  booktitle = {Advances in Neural Information Processing Systems},
  title     = {Meta-Learning Requires Meta-Augmentation},
  volume    = {33},
  year      = {2020}
}

@inproceedings{rasmussen2003gaussian,
  title        = {Gaussian processes in machine learning},
  author       = {Rasmussen, Carl Edward},
  booktitle    = {Summer School on Machine Learning},
  pages        = {63--71},
  year         = {2003},
  organization = {Springer}
}

@article{riquelme2018deep,
  title         = {Deep Bayesian Bandits Showdown: An Empirical Comparison of Bayesian Deep Networks for Thompson Sampling},
  author        = {Carlos Riquelme and George Tucker and Jasper Snoek},
  year          = {2018},
  eprint        = {1802.09127},
  archiveprefix = {arXiv},
  primaryclass  = {stat.ML}
}

@inproceedings{rusu2018meta,
  title     = {Meta-Learning with Latent Embedding Optimization},
  author    = {Rusu, Andrei A and Rao, Dushyant and Sygnowski, Jakub and Vinyals, Oriol and Pascanu, Razvan and Osindero, Simon and Hadsell, Raia},
  booktitle = {International Conference on Learning Representations},
  year      = {2018}
}

@inproceedings{shankar2018posterior,
  title     = {Posterior attention models for sequence to sequence learning},
  author    = {Shankar, Shiv and Sarawagi, Sunita},
  booktitle = {International Conference on Learning Representations},
  year      = {2018}
}

@inproceedings{Singh2019Sequential,
  author    = {Singh, Gautam and Yoon, Jaesik and Son, Youngsung and Ahn, Sungjin},
  booktitle = {Advances in Neural Information Processing Systems},
  pages     = {},
  publisher = {Curran Associates, Inc.},
  title     = {Sequential Neural Processes},
  url       = {https://proceedings.neurips.cc/paper/2019/file/110209d8fae7417509ba71ad97c17639-Paper.pdf},
  volume    = {32},
  year      = {2019}
}

@article{srivastava2014dropout,
  title     = {Dropout: a simple way to prevent neural networks from overfitting},
  author    = {Srivastava, Nitish and Hinton, Geoffrey and Krizhevsky, Alex and Sutskever, Ilya and Salakhutdinov, Ruslan},
  journal   = {The journal of machine learning research},
  volume    = {15},
  number    = {1},
  pages     = {1929--1958},
  year      = {2014},
  publisher = {JMLR. org}
}

@inproceedings{vaswani2017attention,
  title     = {Attention is all you need},
  author    = {Vaswani, Ashish and Shazeer, Noam and Parmar, Niki and Uszkoreit, Jakob and Jones, Llion and Gomez, Aidan N and Kaiser, {\L}ukasz and Polosukhin, Illia},
  booktitle = {Advances in neural information processing systems},
  pages     = {5998--6008},
  year      = {2017}
}

@inproceedings{Volpp2021bayesian,
  title     = {Bayesian Context Aggregation for Neural Processes},
  author    = {Volpp, Michael and Fl{\"u}renbrock, Fabian and Grossberger, Lukas and Daniel, Christian and Neumann, Gerhard},
  booktitle = {International Conference on Learning Representations},
  year      = {2021}
}

@article{wei2019transferable,
  title   = {Transferable Neural Processes for Hyperparameter Optimization},
  author  = {Wei, Ying and Zhao, Peilin and Yao, Huaxiu and Huang, Junzhou},
  journal = {arXiv preprint arXiv:1909.03209},
  year    = {2019}
}

@inproceedings{xu2020metafun,
  title        = {Metafun: Meta-learning with iterative functional updates},
  author       = {Xu, Jin and Ton, Jean-Francois and Kim, Hyunjik and Kosiorek, Adam and Teh, Yee Whye},
  booktitle    = {International Conference on Machine Learning},
  pages        = {10617--10627},
  year         = {2020},
  organization = {PMLR}
}

@article{yao2020improving,
  title   = {Improving Generalization in Meta-learning via Task Augmentation},
  author  = {Yao, Huaxiu and Huang, Longkai and Zhang, Linjun and Wei, Ying and Tian, Li and Zou, James and Huang, Junzhou and Li, Zhenhui},
  journal = {arXiv preprint arXiv:2007.13040},
  year    = {2020}
}

@inproceedings{yin2019meta,
  title     = {Meta-Learning without Memorization},
  author    = {Yin, Mingzhang and Tucker, George and Zhou, Mingyuan and Levine, Sergey and Finn, Chelsea},
  booktitle = {International Conference on Learning Representations},
  year      = {2019}
}

@inproceedings{yoon2020robustifying,
  title        = {Robustifying Sequential Neural Processes},
  author       = {Yoon, Jaesik and Singh, Gautam and Ahn, Sungjin},
  booktitle    = {International Conference on Machine Learning},
  pages        = {10861--10870},
  year         = {2020},
  organization = {PMLR}
}

@inproceedings{zaheer2017deep,
  title     = {Deep Sets},
  author    = {Zaheer, Manzil and Kottur, Satwik and Ravanbakhsh, Siamak and P{\'o}czos, Barnab{\'a}s and Salakhutdinov, Ruslan R and Smola, Alexander J},
  booktitle = {Advances in Neural Information Processing Systems},
  year      = {2017}
}
f

